<collection xmlns="http://www.loc.gov/MARC21/slim">
<record>
  <leader>02711nam0a2200469 i 450 </leader>
  <controlfield tag="001">IT\ICCU\CNCE\018791</controlfield>
  <controlfield tag="005">20070924000000.0</controlfield>
  <datafield tag="012" ind1=" " ind2=" ">
    <subfield code="a">a-um heta pomi eppo (C) 1501 (R)</subfield>
    <subfield code="2">fei</subfield>
  </datafield>
  <datafield tag="100" ind1=" " ind2=" ">
    <subfield code="a">19970101d1501        0itac0103    ba</subfield>
  </datafield>
  <datafield tag="101" ind1=" " ind2=" ">
    <subfield code="a">LAT</subfield>
  </datafield>
  <datafield tag="102" ind1=" " ind2=" ">
    <subfield code="a">IT</subfield>
  </datafield>
  <datafield tag="200" ind1="1" ind2=" ">
    <subfield code="a">Tabula consiliorum d. Ioannis Mathei Gradi Mediolanensis, secundum ordinem ac viam d. Auicene ordinata, et Papie anno MCCCCCI impressa. Additis etiam De regimine sanitatis Rabi Moysi ad sultanum, necnon doctissimi Rainaldi ex Villa Noua ad Aragonum regem inclitum</subfield>
  </datafield>
  <datafield tag="210" ind1=" " ind2=" ">
    <subfield code="e">In Papia</subfield>
    <subfield code="g">impressa per Andream de Boscho</subfield>
    <subfield code="g">impensis d. Bernardini de Scotis Modoetiensis</subfield>
    <subfield code="h">1501 die 4 Maij</subfield>
  </datafield>
  <datafield tag="215" ind1=" " ind2=" ">
    <subfield code="a">\92! c.</subfield>
    <subfield code="d">fol</subfield>
  </datafield>
  <datafield tag="300" ind1=" " ind2=" ">
    <subfield code="a">Coloph. a c. o4r</subfield>
  </datafield>
  <datafield tag="620" ind1=" " ind2=" ">
    <subfield code="a">IT</subfield>
    <subfield code="d">Pavia</subfield>
  </datafield>
  <datafield tag="700" ind1=" " ind2="1">
    <subfield code="a">Ferrari,</subfield>
    <subfield code="b">Giovanni Matteo</subfield>
    <subfield code="3">IT\ICCU\CNCA\005326</subfield>
  </datafield>
  <datafield tag="702" ind1=" " ind2="0">
    <subfield code="a">Arnaldus</subfield>
    <subfield code="c"> : de#Villanova</subfield>
    <subfield code="3">IT\ICCU\CNCA\000885</subfield>
  </datafield>
  <datafield tag="702" ind1=" " ind2="0">
    <subfield code="a">Maimonides</subfield>
    <subfield code="3">IT\ICCU\CNCA\005144</subfield>
  </datafield>
  <datafield tag="712" ind1="0" ind2="0">
    <subfield code="a">Bosco, Giovanni Andrea</subfield>
    <subfield code="3">IT\ICCU\CNCT\000346</subfield>
    <subfield code="4">650</subfield>
  </datafield>
  <datafield tag="712" ind1="0" ind2="0">
    <subfield code="a">Scoto, Bernardino</subfield>
    <subfield code="3">IT\ICCU\CNCT\001938</subfield>
    <subfield code="4">650</subfield>
  </datafield>
  <datafield tag="790" ind1=" " ind2="0">
    <subfield code="a">Ioannes Mattheus</subfield>
    <subfield code="c"> : de#Gradi</subfield>
    <subfield code="3">IT\ICCU\CNCA\014048</subfield>
    <subfield code="z">Ferrari, Giovanni Matteo</subfield>
  </datafield>
  <datafield tag="790" ind1=" " ind2="1">
    <subfield code="a">Ferrari de&apos; Gradi,</subfield>
    <subfield code="b">Giovanni Matteo</subfield>
    <subfield code="3">IT\ICCU\CNCA\014049</subfield>
    <subfield code="z">Ferrari, Giovanni Matteo</subfield>
  </datafield>
  <datafield tag="790" ind1=" " ind2="1">
    <subfield code="a">Gradibus,</subfield>
    <subfield code="b">Iohannes Mattheus : de</subfield>
    <subfield code="3">IT\ICCU\CNCA\014251</subfield>
    <subfield code="z">Ferrari, Giovanni Matteo</subfield>
  </datafield>
  <datafield tag="790" ind1=" " ind2="1">
    <subfield code="a">Ferrarius de Gradi,</subfield>
    <subfield code="b">Joannes Mattheus</subfield>
    <subfield code="3">IT\ICCU\CNCA\019146</subfield>
    <subfield code="z">Ferrari, Giovanni Matteo</subfield>
  </datafield>
  <datafield tag="790" ind1=" " ind2="1">
    <subfield code="a">De_Gradibus,</subfield>
    <subfield code="b">Giovanni Matteo</subfield>
    <subfield code="3">IT\ICCU\CNCA\019147</subfield>
    <subfield code="z">Ferrari, Giovanni Matteo</subfield>
  </datafield>
  <datafield tag="790" ind1=" " ind2="1">
    <subfield code="a">Ferrari da Grado,</subfield>
    <subfield code="b">Giovanni Matteo</subfield>
    <subfield code="3">IT\ICCU\CNCA\019148</subfield>
    <subfield code="z">Ferrari, Giovanni Matteo</subfield>
  </datafield>
  <datafield tag="790" ind1=" " ind2="0">
    <subfield code="a">Arnaldo</subfield>
    <subfield code="c"> : de#Vilanova</subfield>
    <subfield code="3">IT\ICCU\CNCA\012263</subfield>
    <subfield code="z">Arnaldus : de#Villanova</subfield>
  </datafield>
  <datafield tag="790" ind1=" " ind2="0">
    <subfield code="a">Arnoldus</subfield>
    <subfield code="c"> : Novicomensis</subfield>
    <subfield code="3">IT\ICCU\CNCA\012265</subfield>
    <subfield code="z">Arnaldus : de#Villanova</subfield>
  </datafield>
  <datafield tag="790" ind1=" " ind2="1">
    <subfield code="a">Soler Pla,</subfield>
    <subfield code="b">Juan</subfield>
    <subfield code="3">IT\ICCU\CNCA\012266</subfield>
    <subfield code="z">Arnaldus : de#Villanova</subfield>
  </datafield>
  <datafield tag="790" ind1=" " ind2="1">
    <subfield code="a">Vilanova,</subfield>
    <subfield code="b">Arnau : de</subfield>
    <subfield code="3">IT\ICCU\CNCA\012267</subfield>
    <subfield code="z">Arnaldus : de#Villanova</subfield>
  </datafield>
  <datafield tag="790" ind1=" " ind2="0">
    <subfield code="a">Moses</subfield>
    <subfield code="c"> : ben#Maimon</subfield>
    <subfield code="3">IT\ICCU\CNCA\014604</subfield>
    <subfield code="z">Maimonides</subfield>
  </datafield>
  <datafield tag="790" ind1=" " ind2="1">
    <subfield code="a">Ibn Maymun,</subfield>
    <subfield code="b">Abu &apos;Imran Musa</subfield>
    <subfield code="3">IT\ICCU\CNCA\020935</subfield>
    <subfield code="z">Maimonides</subfield>
  </datafield>
  <datafield tag="791" ind1="0" ind2="0">
    <subfield code="a">Boscho, Andreas de</subfield>
    <subfield code="3">IT\ICCU\CNCT\004763</subfield>
    <subfield code="z">Bosco, Giovanni Andrea</subfield>
  </datafield>
  <datafield tag="791" ind1="0" ind2="0">
    <subfield code="a">Boschis, Andreas de</subfield>
    <subfield code="3">IT\ICCU\CNCT\004764</subfield>
    <subfield code="z">Bosco, Giovanni Andrea</subfield>
  </datafield>
  <datafield tag="791" ind1="0" ind2="0">
    <subfield code="a">Bosca, Giovanni Andrea</subfield>
    <subfield code="3">IT\ICCU\CNCT\004765</subfield>
    <subfield code="z">Bosco, Giovanni Andrea</subfield>
  </datafield>
  <datafield tag="791" ind1="0" ind2="0">
    <subfield code="a">Scotis, Bernardinus de</subfield>
    <subfield code="3">IT\ICCU\CNCT\004085</subfield>
    <subfield code="z">Scoto, Bernardino</subfield>
  </datafield>
  <datafield tag="791" ind1="0" ind2="0">
    <subfield code="a">Scotti, Bernardino</subfield>
    <subfield code="3">IT\ICCU\CNCT\005623</subfield>
    <subfield code="z">Scoto, Bernardino</subfield>
  </datafield>
  <datafield tag="801" ind1=" " ind2="3">
    <subfield code="a">IT</subfield>
    <subfield code="b">ICCU</subfield>
    <subfield code="c">20201114</subfield>
  </datafield>
  <datafield tag="899" ind1=" " ind2=" ">
    <subfield code="a">Biblioteca statale. Lucca</subfield>
    <subfield code="1">LU0022</subfield>
    <subfield code="2">LUA BL</subfield>
  </datafield>
  <datafield tag="899" ind1=" " ind2=" ">
    <subfield code="a">Biblioteca universitaria. Pavia</subfield>
    <subfield code="1">PV0291</subfield>
    <subfield code="2">MIL UP</subfield>
  </datafield>
  <datafield tag="899" ind1=" " ind2=" ">
    <subfield code="a">Biblioteca nazionale centrale. Roma</subfield>
    <subfield code="1">RM0267</subfield>
    <subfield code="2">BVE CR</subfield>
  </datafield>
</record>
</collection>
